<?xml version="1.0" encoding="UTF-8"?><collection xmlns="http://www.loc.gov/MARC21/slim"><record><leader>00449nam--2200145-i-4500</leader><controlfield tag="001">000040814</controlfield><controlfield tag="002">20161230</controlfield><controlfield tag="005">20161230201042</controlfield><controlfield tag="008">060222s1000------------r-----000-0-eng-d</controlfield><datafield ind1=" " ind2=" " tag="080"><subfield code="a">539.12.01:530.145.6</subfield></datafield><datafield ind1=" " ind2=" " tag="100"><subfield code="a">Schwartz,Laurent</subfield></datafield><datafield ind1=" " ind2=" " tag="245"><subfield code="a">Applicatiion of distributions to the theory of elementary particles iln quantum mechanics</subfield></datafield><datafield ind1=" " ind2=" " tag="260"><subfield code="a">New York, Gordon And Breach, 1968. X+134 P</subfield></datafield><datafield ind1=" " ind2=" " tag="490"><subfield code="a">Documents Of Modern Physics</subfield></datafield><datafield ind1=" " ind2=" " tag="852"><subfield code="a">29562</subfield></datafield></record></collection>